%% This BibTeX bibliography file was created using BibDesk.
%% http://bibdesk.sourceforge.net/

%% Created for Thomas Fragner at 2018-03-16 20:41:39 +0100 


%% Saved with string encoding Unicode (UTF-8) 

@article{MENDLING2010127,
title = "Seven process modeling guidelines (7PMG)",
journal = "Information and Software Technology",
volume = "52",
number = "2",
pages = "127 - 136",
year = "2010",
issn = "0950-5849",
doi = "https://doi.org/10.1016/j.infsof.2009.08.004",
url = "http://www.sciencedirect.com/science/article/pii/S0950584909001268",
author = "J. Mendling and H.A. Reijers and W.M.P. van der Aalst",
keywords = "Business process modeling, Model quality, Guidelines",
abstract = "Business process modeling is heavily applied in practice, but important quality issues have not been addressed thoroughly by research. A notorious problem is the low level of modeling competence that many casual modelers in process documentation projects have. Existing approaches towards model quality might be of benefit, but they suffer from at least one of the following problems. On the one hand, frameworks like SEQUAL and the Guidelines of Modeling are too abstract to be applicable for novices and non-experts in practice. On the other hand, there are collections of pragmatic hints that lack a sound research foundation. In this paper, we analyze existing research on relationships between model structure on the one hand and error probability and understanding on the other hand. As a synthesis we propose a set of seven process modeling guidelines (7PMG). Each of these guidelines builds on strong empirical insights, yet they are formulated to be intuitive to practitioners. Furthermore, we analyze how the guidelines are prioritized by industry experts. In this regard, the seven guidelines have the potential to serve as an important tool of knowledge transfer from academia into modeling practice."
}

@article{reijers_study_2011,
	title = {A Study Into the Factors That Influence the Understandability of Business Process Models},
	volume = {41},
	issn = {1083-4427, 1558-2426},
	url = {http://ieeexplore.ieee.org/document/5628273/},
	doi = {10.1109/TSMCA.2010.2087017},
	pages = {449--462},
	number = {3},
	journaltitle = {{IEEE} Transactions on Systems, Man, and Cybernetics - Part A: Systems and Humans},
	author = {Reijers, Hajo A. and Mendling, Jan},
	urldate = {2018-04-08},
	date = {2011-05}
}

@Article{vanderAalst2016a,
author="van der Aalst, Wil M. P.
and La Rosa, Marcello
and Santoro, Fl{\'a}via Maria",
title="Business Process Management",
journal="Business {\&} Information Systems Engineering",
year="2016a",
month="Feb",
day="01",
volume="58",
number="1",
pages="1--6",
issn="1867-0202",
doi="10.1007/s12599-015-0409-x",
url="https://doi.org/10.1007/s12599-015-0409-x"
}



@masterthesis{max,
title={Semantic Interpretation of Spatial Arrangements of card-based Conceptual Models
},
author={Silber, Maximilian},
year={2017},
school={Johannes Kepler Universit√§t Linz}
}

@inproceedings{Oppl:2015:ASB:2723839.2723841,
 author = {Oppl, Stefan},
 title = {Articulation of Subject-oriented Business Process Models},
 booktitle = {Proceedings of the 7th International Conference on Subject-Oriented Business Process Management},
 series = {S-BPM ONE '15},
 year = {2015},
 isbn = {978-1-4503-3312-2},
 location = {Kiel, Germany},
 pages = {2:1--2:11},
 articleno = {2},
 numpages = {11},
 url = {http://doi.acm.org/10.1145/2723839.2723841},
 doi = {10.1145/2723839.2723841},
 acmid = {2723841},
 publisher = {ACM},
 address = {New York, NY, USA},
 keywords = {articulation work, case study, interactive model transformation, model refinement},
} 


@article{oppl2016linking,
  title={Linking natural modeling to techno-centric modeling for the active involvement of process participants in business process design},
  author={Oppl, Stefan and Alexopoulou, Nancy},
  journal={International Journal of Information System Modeling and Design (IJISMD)},
  volume={7},
  number={2},
  pages={1--30},
  year={2016},
  publisher={IGI Global}
}

@article{MENDLING2010127,
title = "Seven process modeling guidelines (7PMG)",
journal = "Information and Software Technology",
volume = "52",
number = "2",
pages = "127 - 136",
year = "2010",
issn = "0950-5849",
doi = "https://doi.org/10.1016/j.infsof.2009.08.004",
url = "http://www.sciencedirect.com/science/article/pii/S0950584909001268",
author = "J. Mendling and H.A. Reijers and W.M.P. van der Aalst",
keywords = "Business process modeling, Model quality, Guidelines"
}
@article{vanderAalst2016,
	Author = {van der Aalst, Wil M. P. and La Rosa, Marcello and Santoro, Fl{\'a}via Maria},
	Date-Added = {2018-03-16 19:08:48 +0000},
	Date-Modified = {2018-03-16 19:41:35 +0000},
	Day = {01},
	Doi = {10.1007/s12599-015-0409-x},
	Issn = {1867-0202},
	Journal = {Business {\&} Information Systems Engineering},
	Month = {Feb},
	Number = {1},
	Pages = {1--6},
	Title = {Business Process Management: Don't Forget to Improve the Process!},
	Url = {https://doi.org/10.1007/s12599-015-0409-x},
	Volume = {58},
	Year = {2016},
	Bdsk-Url-1 = {https://doi.org/10.1007/s12599-015-0409-x},
	Bdsk-File-1 = {YnBsaXN0MDDUAQIDBAUGJCVYJHZlcnNpb25YJG9iamVjdHNZJGFyY2hpdmVyVCR0b3ASAAGGoKgHCBMUFRYaIVUkbnVsbNMJCgsMDxJXTlMua2V5c1pOUy5vYmplY3RzViRjbGFzc6INDoACgAOiEBGABIAFgAdccmVsYXRpdmVQYXRoWWFsaWFzRGF0YV8QMy4uLy4uLy4uLy4uL0Rvd25sb2Fkcy8xMC4xMDA3LXMxMjU5OS0wMTUtMDQwOS14LnBkZtIXCxgZV05TLmRhdGFPEQGIAAAAAAGIAAIAAAxNYWNpbnRvc2ggSEQAAAAAAAAAAAAAAAAAAAAAAAAAQkQAAf////8dMTAuMTAwNy1zMTI1OTktMDE1LTA0MDkteC5wZGYAAAAAAAAAAAAAAAAAAAAAAAAAAAAAAAAAAAAAAAAAAAAA/////wAAAAAAAAAAAAAAAAAEAAIAAAogY3UAAAAAAAAAAAAAAAAACURvd25sb2FkcwAAAgA3LzpVc2VyczpmcmFnbmVyOkRvd25sb2FkczoxMC4xMDA3LXMxMjU5OS0wMTUtMDQwOS14LnBkZgAADgA8AB0AMQAwAC4AMQAwADAANwAtAHMAMQAyADUAOQA5AC0AMAAxADUALQAwADQAMAA5AC0AeAAuAHAAZABmAA8AGgAMAE0AYQBjAGkAbgB0AG8AcwBoACAASABEABIANVVzZXJzL2ZyYWduZXIvRG93bmxvYWRzLzEwLjEwMDctczEyNTk5LTAxNS0wNDA5LXgucGRmAAATAAEvAAAVAAIADv//AACABtIbHB0eWiRjbGFzc25hbWVYJGNsYXNzZXNdTlNNdXRhYmxlRGF0YaMdHyBWTlNEYXRhWE5TT2JqZWN00hscIiNcTlNEaWN0aW9uYXJ5oiIgXxAPTlNLZXllZEFyY2hpdmVy0SYnVHJvb3SAAQAIABEAGgAjAC0AMgA3AEAARgBNAFUAYABnAGoAbABuAHEAcwB1AHcAhACOAMQAyQDRAl0CXwJkAm8CeAKGAooCkQKaAp8CrAKvAsECxALJAAAAAAAAAgEAAAAAAAAAKAAAAAAAAAAAAAAAAAAAAss=}}

@online{tagstore,
	Author = {Karl Voit},
	Month = dec,
	Title = {tagstore --- Project home page},
	Url = {http://tagstore.org},
	Urldate = {2011-12-10},
	Year = 2011,
	Bdsk-Url-1 = {http://tagstore.org}}

@proceedings{PIM2009,
	Address = {Vancouver, Canada},
	Month = nov,
	Title = {PIM09 ASIS\&T 2009 Workshop, Vancouver, BC, Canada},
	Url = {http://pimworkshop.org/2009/index.php?page=acceptedpapers},
	Year = 2009,
	Bdsk-Url-1 = {http://pimworkshop.org/2009/index.php?page=acceptedpapers}}

@inproceedings{Voit2009,
	Author = {Karl Voit and Keith Andrews and Wolfgang Slany},
	Crossref = {PIM2009},
	Pages = {60--64},
	Title = {Why Personal Information Management (PIM) Technologies Are Not Widespread},
	Url = {http://pimworkshop.org/2009/index.php?page=acceptedpapers},
	Bdsk-Url-1 = {http://pimworkshop.org/2009/index.php?page=acceptedpapers}}

@proceedings{USAB2011,
	Doi = {10.1007/978-3-642-25364-5_33},
	Isbn = {3642253636},
	Location = {Graz, Austria},
	Month = nov,
	Publisher = {Springer},
	Series = {LNCS},
	Title = {Proc.\ 7\textsuperscript{th} Conference of the Austrian Computer Society Workgroup: Human-Computer Interaction (Usab 2011)},
	Volume = {7058},
	Year = 2011,
	Bdsk-Url-1 = {https://dx.doi.org/10.1007/978-3-642-25364-5_33}}

@inproceedings{Voit2011,
	Author = {Karl Voit and Keith Andrews and Wolfgang Slany},
	Crossref = {USAB2011},
	Pages = {471--481},
	Title = {{TagTree}: Storing and Re-finding Files Using Tags}}

@online{KeithThesis,
	Author = {Keith Andrews},
	Howpublished = {Graz University of Technology, Austria},
	Month = dec,
	Title = {Writing a Thesis: Guidelines for Writing a Master's Thesis in Computer Science},
	Url = {http://ftp.iicm.edu/pub/keith/thesis/},
	Year = 2011,
	Bdsk-Url-1 = {http://ftp.iicm.edu/pub/keith/thesis/}}

@book{Bringhurst1993,
	Author = {Robert Bringhurst},
	Edition = {first edition},
	Publisher = {Hartley and Marks Publishers},
	Title = {The Elements of Typographic Style},
	Year = 1993}

@book{Eijkhout2008,
	Author = {Victor Eijkhout},
	Edition = {document revision 1.2},
	Month = may,
	Title = {\TeX{} by Topic, a \TeX{}nician's Reference},
	Url = {http://www.eijkhout.net/texbytopic/texbytopic.html},
	Year = 2008,
	Bdsk-Url-1 = {http://www.eijkhout.net/texbytopic/texbytopic.html}}

@book{StrunkWhite,
	Author = {Strunk, Jr, William and Elwyn Brooks White},
	Edition = {Fourth},
	Isbn = {020530902X},
	Publisher = {Longman},
	Title = {The Elements of Style},
	Year = 1999}

@booklet{Strunk,
	Author = {Strunk, Jr, William},
	Edition = {First},
	Title = {The Elements of Style},
	Url = {http://www.bartleby.com/141/},
	Year = 1918,
	Bdsk-Url-1 = {http://www.bartleby.com/141/}}

@booklet{NASAGuide,
	Author = {Mary K. McCaskill},
	Day = 3,
	Howpublished = {NASA Langley Research Center SP-7084},
	Month = aug,
	Title = {Grammar, Punctuation, and Capitalization: A Handbook for Technical Writers and Editors},
	Url = {http://stipo.larc.nasa.gov/sp7084/},
	Year = 1998,
	Bdsk-Url-1 = {http://stipo.larc.nasa.gov/sp7084/}}

@book{Zobel-WritingCompSci,
	Author = {Justin Zobel},
	Edition = {Second},
	Isbn = {1852338024},
	Publisher = {Springer},
	Title = {Writing for Computer Science},
	Year = 2004}

@book{BugsInWriting,
	Author = {Lyn Dupr{\'e}},
	Edition = {Second},
	Isbn = {020137921X},
	Publisher = {Addison-Wesley},
	Title = {Bugs in Writing: A Guide to Debugging Your Prose},
	Year = 1998}

@book{Phillips-HowGetPhD,
	Author = {Estelle M. Phillips and Derek S. Pugh},
	Edition = {Fourth},
	Isbn = {0335216846},
	Publisher = {Open University Press},
	Title = {How to Get a PhD},
	Year = 2005}

@online{Roget,
	Author = {Roget},
	Title = {Roget's Interactive Thesaurus},
	Url = {http://www.thesaurus.com/},
	Year = 2004,
	Bdsk-Url-1 = {http://www.thesaurus.com/}}

@online{RogetII,
	Author = {Roget},
	Edition = {Third},
	Title = {Roget's II: The New Thesaurus},
	Url = {http://www.bartleby.com/62/},
	Year = 1995,
	Bdsk-Url-1 = {http://www.bartleby.com/62/}}

@online{DictionaryCom,
	Author = {dictionary.com},
	Title = {dictionary.com},
	Url = {http://dictionary.com/},
	Year = 2004,
	Bdsk-Url-1 = {http://dictionary.com/}}

@online{DictLeoOrg,
	Author = {Leo},
	Title = {Leo English-German Dictionary},
	Url = {http://dict.leo.org/},
	Year = 2004,
	Bdsk-Url-1 = {http://dict.leo.org/}}

@online{DictChemnitz,
	Author = {TU Chemnitz},
	Title = {German-English Dictionary},
	Url = {http://dict.tu-chemnitz.de/},
	Year = 2004,
	Bdsk-Url-1 = {http://dict.tu-chemnitz.de/}}

@comment{BibDesk Static Groups{
<?xml version="1.0" encoding="UTF-8"?>
<!DOCTYPE plist PUBLIC "-//Apple//DTD PLIST 1.0//EN" "http://www.apple.com/DTDs/PropertyList-1.0.dtd">
<plist version="1.0">
<array>
	<dict>
		<key>group name</key>
		<string>Bachelorarbeit</string>
		<key>keys</key>
		<string>vanderAalst2016</string>
	</dict>
</array>
</plist>
}}
